<?xml version="1.0" encoding="UTF-8"?><collection xmlns="http://www.loc.gov/MARC21/slim"><record><leader>00465nam--2200181-i-4500</leader><controlfield tag="001">000015132</controlfield><controlfield tag="002">20161230</controlfield><controlfield tag="005">20161230201031</controlfield><controlfield tag="008">060222s1000------------r-----000-0-eng-d</controlfield><datafield ind1=" " ind2=" " tag="040"><subfield code="a">IFIN-HH</subfield></datafield><datafield ind1=" " ind2=" " tag="080"><subfield code="a">621.318.1:537:538</subfield></datafield><datafield ind1="1" ind2=" " tag="100"><subfield code="a">Tebble, R.S</subfield></datafield><datafield ind1="1" ind2="0" tag="245"><subfield code="a">Magnetic materials</subfield><subfield code="c">R.s. tebble; d.j. craik</subfield></datafield><datafield ind1=" " ind2=" " tag="260"><subfield code="a">London</subfield><subfield code="b">Wiley-interscience</subfield><subfield code="c">1969</subfield></datafield><datafield ind1=" " ind2=" " tag="300"><subfield code="a">XIV+726P</subfield></datafield><datafield ind1="1" ind2=" " tag="700"><subfield code="a">Craik, D.J</subfield></datafield><datafield ind1=" " ind2=" " tag="852"><subfield code="a">32168</subfield><subfield code="c">537:538</subfield></datafield><datafield ind1=" " ind2=" " tag="CAT"><subfield code="a">Sys</subfield><subfield code="c">20110616</subfield><subfield code="h">111605</subfield></datafield></record></collection>